
@inproceedings{chaves2024federated,
  title={Federated Learning Meets Blockchain: A Kafka-ML Integration for reliable model training using data streams},
  author={Chaves, Antonio Jes{\'u}s and Mart{\'\i}n, Cristian and Kim, Kwang Soon and Shahid, Adnan and D{\'\i}az, Manuel},
  booktitle={2024 IEEE International Conference on Big Data (BigData)},
  pages={7677--7686},
  year={2024},
  organization={IEEE}
}

@article{lo2022toward,
  title={Toward trustworthy ai: Blockchain-based architecture design for accountability and fairness of federated learning systems},
  author={Lo, Sin Kit and Liu, Yue and Lu, Qinghua and Wang, Chen and Xu, Xiwei and Paik, Hye-Young and Zhu, Liming},
  journal={IEEE Internet of Things Journal},
  volume={10},
  number={4},
  pages={3276--3284},
  year={2022},
  publisher={IEEE}
}

@inproceedings{khan2022occupancy,
  title={Occupancy prediction in buildings: An approach leveraging LSTM and Federated Learning},
  author={Khan, Irfanullah and Guerrieri, Antonio and Spezzano, Giandomenico and Vinci, Andrea},
  booktitle={2022 IEEE Intl Conf on Dependable, Autonomic and Secure Computing, Intl Conf on Pervasive Intelligence and Computing, Intl Conf on Cloud and Big Data Computing, Intl Conf on Cyber Science and Technology Congress (DASC/PiCom/CBDCom/CyberSciTech)},
  pages={1--7},
  year={2022},
  organization={IEEE}
}

@inproceedings{mcmahan2017communication,
  title={Communication-efficient learning of deep networks from decentralized data},
  author={McMahan, Brendan and Moore, Eider and Ramage, Daniel and Hampson, Seth and y Arcas, Blaise Aguera},
  booktitle={Artificial intelligence and statistics},
  pages={1273--1282},
  year={2017},
  organization={PMLR}
}

@article{konevcny2016federated,
  title={Federated learning: Strategies for improving communication efficiency},
  author={Kone{\v{c}}n{\`y}, Jakub and McMahan, H Brendan and Yu, Felix X and Richt{\'a}rik, Peter and Suresh, Ananda Theertha and Bacon, Dave},
  journal={arXiv preprint arXiv:1610.05492},
  year={2016}
}

@article{ali2023explainable,
  title={Explainable Artificial Intelligence (XAI): What we know and what is left to attain Trustworthy Artificial Intelligence},
  author={Ali, Sajid and Abuhmed, Tamer and El-Sappagh, Shaker and Muhammad, Khan and Alonso-Moral, Jose M and Confalonieri, Roberto and Guidotti, Riccardo and Del Ser, Javier and D{\'\i}az-Rodr{\'\i}guez, Natalia and Herrera, Francisco},
  journal={Information fusion},
  volume={99},
  pages={101805},
  year={2023},
  publisher={Elsevier}
}